@article{Aad:2012tfa,
      author         = "Aad, Georges and others",
      title          = "{Observation of a new particle in the search for the
                        Standard Model Higgs boson with the ATLAS detector at the
                        LHC}",
      collaboration  = "ATLAS",
      journal        = "Phys. Lett.",
      volume         = "B716",
      year           = "2012",
      pages          = "1-29",
      doi            = "10.1016/j.physletb.2012.08.020",
      eprint         = "1207.7214",
      archivePrefix  = "arXiv",
      primaryClass   = "hep-ex",
      reportNumber   = "CERN-PH-EP-2012-218",
      SLACcitation   = "%%CITATION = ARXIV:1207.7214;%%"
}

@article{Chatrchyan:2012xdj,
      author         = "Chatrchyan, Serguei and others",
      title          = "{Observation of a New Boson at a Mass of 125 GeV with the
                        CMS Experiment at the LHC}",
      collaboration  = "CMS",
      journal        = "Phys. Lett.",
      volume         = "B716",
      year           = "2012",
      pages          = "30-61",
      doi            = "10.1016/j.physletb.2012.08.021",
      eprint         = "1207.7235",
      archivePrefix  = "arXiv",
      primaryClass   = "hep-ex",
      reportNumber   = "CMS-HIG-12-028, CERN-PH-EP-2012-220",
      SLACcitation   = "%%CITATION = ARXIV:1207.7235;%%"
}



@article{Aaboud:2017phn,
    author = "Aaboud, Morad and others",
    collaboration = "ATLAS",
    title = "{Search for dark matter and other new phenomena in events with an energetic jet and large missing transverse momentum using the ATLAS detector}",
    eprint = "1711.03301",
    archivePrefix = "arXiv",
    primaryClass = "hep-ex",
    reportNumber = "CERN-EP-2017-230",
    doi = "10.1007/JHEP01(2018)126",
    journal = "JHEP",
    volume = "01",
    pages = "126",
    year = "2018"
}




@article{Alwall:2014hca,
      author         = "Alwall, J. and Frederix, R. and Frixione, S. and Hirschi,
                        V. and Maltoni, F. and Mattelaer, O. and Shao, H. -S. and
                        Stelzer, T. and Torrielli, P. and Zaro, M.",
      title          = "{The automated computation of tree-level and
                        next-to-leading order differential cross sections, and
                        their matching to parton shower simulations}",
      journal        = "JHEP",
      volume         = "07",
      year           = "2014",
      pages          = "079",
      doi            = "10.1007/JHEP07(2014)079",
      eprint         = "arXiv:1405.0301",
      archivePrefix  = "arXiv",
      primaryClass   = "hep-ph",
      reportNumber   = "CERN-PH-TH-2014-064, CP3-14-18, LPN14-066, MCNET-14-09,
                        ZU-TH-14-14",
      SLACcitation   = "%%CITATION = ARXIV:1405.0301;%%"
}


@article{Sjostrand:2014zea,
    Archiveprefix = {arXiv},
    Author = {Sj{\"o}strand, Torbj{\"o}rn and Ask, Stefan and Christiansen, Jesper R. and Corke, Richard and Desai, Nishita and Ilten, Philip and Mrenna, Stephen and Prestel, Stefan and Rasmussen, Christine O. and Skands, Peter Z.},
    Doi = {10.1016/j.cpc.2015.01.024},
    Eprint = {arXiv:1410.3012},
    Journal = {Comput. Phys. Commun.},
    Pages = {159},
    Primaryclass = {hep-ph},
    Reportnumber = {LU-TP-14-36, MCNET-14-22, CERN-PH-TH-2014-190, FERMILAB-PUB-14-316-CD, DESY-14-178, SLAC-PUB-16122},
    Slaccitation = {%%CITATION = ARXIV:1410.3012;%%},
    Title = {{An Introduction to PYTHIA 8.2}},
    Volume = {191},
    Year = {2015},
    Bdsk-Url-1 = {http://dx.doi.org/10.1016/j.cpc.2015.01.024}}


@article{Sjostrand:2006za,
    Archiveprefix = {arXiv},
    Author = {Sj{\"o}strand, Torbj{\"o}rn and Mrenna, Stephen and Skands, Peter Z.},
    Doi = {10.1088/1126-6708/2006/05/026},
    Eprint = {arXiv:hep-ph/0603175},
    Journal = {JHEP},
    Pages = {026},
    Primaryclass = {hep-ph},
    Reportnumber = {FERMILAB-PUB-06-052-CD-T, LU-TP-06-13},
    Slaccitation = {%%CITATION = HEP-PH/0603175;%%},
    Title = {{PYTHIA 6.4 Physics and Manual}},
    Volume = {05},
    Year = {2006},
    Bdsk-Url-1 = {http://dx.doi.org/10.1088/1126-6708/2006/05/026}}


@article{deFavereau:2013fsa,
    Archiveprefix = {arXiv},
    Author = {de Favereau, J. and Delaere, C. and Demin, P. and Giammanco, A. and Lema{\^\i}tre, V. and Mertens, A. and Selvaggi, M.},
    Doi = {10.1007/JHEP02(2014)057},
    Eprint = {1307.6346},
    Journal = {JHEP},
    Pages = {057},
    Primaryclass = {hep-ex},
    Slaccitation = {%%CITATION = ARXIV:1307.6346;%%},
    Title = {{DELPHES 3, A modular framework for fast simulation of a generic collider experiment}},
    Volume = {02},
    Year = {2014},
    Bdsk-Url-1 = {http://dx.doi.org/10.1007/JHEP02(2014)057}}

@misc{ufomodel,
  howpublished = { \url{http://feynrules.irmp.ucl.ac.be/wiki/DMsimp}
}
}

@article{Arganda:2019gnv,
    author = "Arganda, Ernesto and Marcano, Xabier and Mileo, Nicol\'as I. and Morales, Roberto A. and Szynkman, Alejandro",
    title = "{Model-independent search strategy for the lepton-flavor-violating heavy Higgs boson decay to $\tau\mu$ at the LHC}",
    eprint = "1906.08282",
    archivePrefix = "arXiv",
    primaryClass = "hep-ph",
    reportNumber = "IFT-UAM/CSIC-19-78, FTUAM-19-12, LPT-Orsay-19-14",
    doi = "10.1140/epjc/s10052-019-7249-7",
    journal = "Eur. Phys. J. C",
    volume = "79",
    number = "9",
    pages = "738",
    year = "2019"
}


@article{Buchmueller:2014yoa,
    author = "Buchmueller, Oliver and Dolan, Matthew J. and Malik, Sarah A. and McCabe, Christopher",
    title = "{Characterising dark matter searches at colliders and direct detection experiments: Vector mediators}",
    eprint = "1407.8257",
    archivePrefix = "arXiv",
    primaryClass = "hep-ph",
    reportNumber = "IPPP-14-68, DCPT-14-136, SLAC-PUB-16033",
    doi = "10.1007/JHEP01(2015)037",
    journal = "JHEP",
    volume = "01",
    pages = "037",
    year = "2015"
}




@article{Abercrombie:2015wmb,
    author = "Abercrombie, Daniel and others",
    editor = "Boveia, Antonio and Doglioni, Caterina and Lowette, Steven and Malik, Sarah and Mrenna, Stephen",
    title = "{Dark Matter Benchmark Models for Early LHC Run-2 Searches: Report of the ATLAS/CMS Dark Matter Forum}",
    eprint = "1507.00966",
    archivePrefix = "arXiv",
    primaryClass = "hep-ex",
    reportNumber = "FERMILAB-PUB-15-282-CD",
    doi = "10.1016/j.dark.2019.100371",
    journal = "Phys. Dark Univ.",
    volume = "27",
    pages = "100371",
    year = "2020"
}



@article{Draper:2009au,
    author = "Draper, Patrick and Liu, Tao and Wagner, Carlos E.M.",
    title = "{Prospects for Higgs Searches at the Tevatron and LHC in the MSSM with Explicit CP-violation}",
    eprint = "0911.0034",
    archivePrefix = "arXiv",
    primaryClass = "hep-ph",
    doi = "10.1103/PhysRevD.81.015014",
    journal = "Phys. Rev. D",
    volume = "81",
    pages = "015014",
    year = "2010"
}




@article{Schwaller:2013baa,
    author = "Schwaller, Pedro and Zurita, Jose",
    title = "{Compressed electroweakino spectra at the LHC}",
    eprint = "1312.7350",
    archivePrefix = "arXiv",
    primaryClass = "hep-ph",
    reportNumber = "CERN-PH-TH-2013-319, MITP-13-084",
    doi = "10.1007/JHEP03(2014)060",
    journal = "JHEP",
    volume = "03",
    pages = "060",
    year = "2014"
}

@article{Cowan:2010js,
    author = "Cowan, Glen and Cranmer, Kyle and Gross, Eilam and Vitells, Ofer",
    title = "{Asymptotic formulae for likelihood-based tests of new physics}",
    eprint = "1007.1727",
    archivePrefix = "arXiv",
    primaryClass = "physics.data-an",
    doi = "10.1140/epjc/s10052-011-1554-0",
    journal = "Eur. Phys. J. C",
    volume = "71",
    pages = "1554",
    year = "2011",
    note = "[Erratum: Eur.Phys.J.C 73, 2501 (2013)]"
}


% PHYSICS BEHIND MONO-X

@article{Bernreuther:2018nat,
    author = "Bernreuther, Elias and Horak, Jan and Plehn, Tilman and Butter, Anja",
    title = "{Actual Physics behind Mono-X}",
    eprint = "1805.11637",
    archivePrefix = "arXiv",
    primaryClass = "hep-ph",
    doi = "10.21468/SciPostPhys.5.4.034",
    journal = "SciPost Phys.",
    volume = "5",
    number = "4",
    pages = "034",
    year = "2018"
}






















